<?xml version="1.0" encoding="UTF-8"?><collection xmlns="http://www.loc.gov/MARC21/slim"><record><leader>00621nam--2200193-u-4500</leader><controlfield tag="001">000051306</controlfield><controlfield tag="002">20161230</controlfield><controlfield tag="005">20170112233944</controlfield><controlfield tag="008">080617s1000------------r-----000-0-eng-d</controlfield><datafield ind1=" " ind2=" " tag="040"><subfield code="a">IFIN-HH</subfield></datafield><datafield ind1=" " ind2=" " tag="080"><subfield code="a">517</subfield></datafield><datafield ind1="1" ind2=" " tag="100"><subfield code="a">Whittaker, E. T</subfield></datafield><datafield ind1="1" ind2="0" tag="245"><subfield code="a">A course of Modern Analysis. An Introduction to the General Theory of Infinite Processes and of Analytic Functions; with an Account of the Principal Transcendental Functions</subfield></datafield><datafield ind1=" " ind2=" " tag="250"><subfield code="a">Fourth Edition</subfield></datafield><datafield ind1=" " ind2=" " tag="260"><subfield code="a">Cambridge</subfield><subfield code="b">Cambridge University Press</subfield><subfield code="c">1950</subfield></datafield><datafield ind1=" " ind2=" " tag="300"><subfield code="a">604 p</subfield></datafield><datafield ind1="1" ind2=" " tag="700"><subfield code="a">Watson, G. N</subfield></datafield><datafield ind1=" " ind2=" " tag="852"><subfield code="a">2082</subfield><subfield code="c">517</subfield></datafield><datafield ind1=" " ind2=" " tag="CAT"><subfield code="a">SYS</subfield><subfield code="c">20170112</subfield><subfield code="h">233944</subfield></datafield></record></collection>